@Misc{BugIntel,
  title =  {Bug Reported in {Intel Developer Zone}: Possible errors in instruction semantics},
  howpublished =
  {\url{https://software.intel.com/en-us/forums/intel-isa-extensions/topic/773342}},
  month = {April},
  year = {2018},
  note = {Last accessed: \today}
}

@Misc{BugStoke983,
  title = 	 {Bug Reported in {Stoke}: Semantic bugs},
  howpublished = {\url{https://github.com/StanfordPL/stoke/issues/983}},
  month = 	 {April},
  year = 	 {2018},
  note = {Last accessed: \today}
}

@Misc{BugStoke986,
  title = 	 {Bug Reported in {Stoke}: Modelling the behavior of flags which may or must take undef values},
  howpublished = {\url{https://github.com/StanfordPL/stoke/issues/986}},
  month = 	 {May},
  year = 	 {2018},
  note = {Last accessed: \today}
}

@Misc{Semantics,
  title = 	 {Anonymous Link: Instruction Semantics},
  howpublished = {\url{https://www.dropbox.com/sh/c8ikttk9njkl94b/AADJwezSh8wI-qZICHQHlK1Xa?dl=0}},
  month = 	 {August},
  year = 	 {2018},
  note =         {Last accessed: \today}
}

@Misc{Suppl,
  title = 	 {Supplemental Materials Submitted Along with Paper},
  howpublished = {Link to repository removed for double blind review},
  month = 	 {November},
  year = 	 {2018},
  note =         {Last accessed: \today}
}
