@article{rosu-serbanuta-2010-jlap,
  title={An Overview of the {K} Semantic Framework},
  author={Grigore Ro{\c s}u and Traian Florin {\c S}erb{\u a}nu{\c t}{\u a} },
  journal={Journal of Logic and Algebraic Programming},
  volume={79},
  number={6},
  pages={397--434},
  year={2010},
  ee={http://dx.doi.org/10.1016/j.jlap.2010.03.012},
  doi={10.1016/j.jlap.2010.03.012},
}

@techreport{k-primer-2013-v32,
    author = "{\c S}erb{\u a}nu{\c t}a, Traian Florin and Arusoaie, Andrei and Lazar, David and Ellison, Chucky and Lucanu, Dorel and Ro{\c s}u, Grigore",
    title = "The {K} Primer (version 3.2)"
}

@article{Meseguer:1992,
 author = {Meseguer, Jos{\'e}},
 title = {Conditional Rewriting Logic As a Unified Model of Concurrency},
 journal = {Theor. Comput. Sci.},
 issue_date = {6 April 1992},
 volume = {96},
 number = {1},
 month = apr,
 year = {1992},
 issn = {0304-3975},
 pages = {73--155},
 numpages = {83},
 url = {http://dx.doi.org/10.1016/0304-3975(92)90182-F},
 doi = {10.1016/0304-3975(92)90182-F},
 acmid = {135750},
 publisher = {Elsevier Science Publishers Ltd.},
 address = {Essex, UK},
}

@inproceedings{Rosu:2012,
    author = "Ro\c{s}u, Grigore and \c{S}tef\u{a}nescu, Andrei",
    publisher = "ACM",
    doi = "http://dl.acm.org/citation.cfm?doid=2384616.2384656",
    title = "Checking Reachability using Matching Logic",
    booktitle = "Proceedings of the 27th Conference on Object-Oriented Programming, Systems, Languages, and Applications (OOPSLA'12)",
    month = "Oct",
    year = "2012",
    pages = "555-574"
}

@inproceedings{Ellison,
 author = {Ellison, Chucky and Rosu, Grigore},
 title = {An Executable Formal Semantics of C with Applications},
 booktitle = {Proceedings of the 39th Annual ACM SIGPLAN-SIGACT Symposium on Principles of Programming Languages},
 series = {POPL '12},
 year = {2012},
 isbn = {978-1-4503-1083-3},
 location = {Philadelphia, PA, USA},
 pages = {533--544},
 numpages = {12},
 url = {http://doi.acm.org/10.1145/2103656.2103719},
 doi = {10.1145/2103656.2103719},
 acmid = {2103719},
 publisher = {ACM},
 address = {New York, NY, USA},
 keywords = {C, k, semantics},
}

@Misc{KC,
  title = 	 {{Semantics of C in K}},
  howpublished = {\url{https://github.com/kframework/c-semantics}},
  month = 	 {May},
  year = 	 {2018},
  note = 	 {Last accessed}
}

@Misc{KLLVM,
  title = 	 {{Formal Semantics of LLVM IR in K}},
  howpublished = {\url{https://github.com/kframework/llvm-semantics}},
  month = 	 {May},
  year = 	 {2018},
  note = 	 {Last accessed}
}

@inproceedings{Stefanescu:2016,
 author = {Stef\u{a}nescu, Andrei and Park, Daejun and Yuwen, Shijiao and Li, Yilong and Ro\c{s}u, Grigore},
 title = {Semantics-based Program Verifiers for All Languages},
 booktitle = {Proceedings of the 2016 ACM SIGPLAN International Conference on Object-Oriented Programming, Systems, Languages, and Applications},
 series = {OOPSLA 2016},
 year = {2016},
 isbn = {978-1-4503-4444-9},
 location = {Amsterdam, Netherlands},
 pages = {74--91},
 numpages = {18},
 url = {http://doi.acm.org/10.1145/2983990.2984027},
 doi = {10.1145/2983990.2984027},
 acmid = {2984027},
 publisher = {ACM},
 address = {New York, NY, USA},
 keywords = {K framework, matching logic, reachability logic},
}
